@article{HR15,
 author = {Hofmann, M. and RÃ¼nger, G.},
 title = {Sustainability through flexibility: {Building} complex simulation programs for distributed computing systems},
 journal = {Simulation Modelling Practice and Theory, Special Issue on Techniques And Applications For Sustainable Ultrascale Computing Systems},
 volume = {58},
 number = {1},
 pages = {65--78},
 year = {2015},
 doi = {10.1016/j.simpat.2015.05.007},
}

@inproceedings{HOSS14,
 author = {Hofmann, M. and Ospald, F. and Schmidt, H. and Springer, R.},
 title = {Programming support for the flexible coupling of distributed software components for scientific simulations},
 booktitle = {Proceedings of the 9th International Conference on Software Engineering and Applications (ICSOFT-EA 2014)},
 pages = {506--511},
 month = {August},
 year = {2014},
 doi = {10.5220/0005105405060511},
 publisher = {SciTePress},
}
